<record xmlns='http://www.loc.gov/MARC21/slim'><leader>01775cim a22003852u 4500</leader><controlfield tag='001'>3601773</controlfield><controlfield tag='005'>20151214182935.0</controlfield><controlfield tag='007'>ss|lmnjluz|nuu</controlfield><controlfield tag='008'>991101s1989    nyunnn         l    eng d</controlfield><datafield ind1=' ' ind2=' ' tag='035'><subfield code='a'>(NIC)notisASF8838</subfield></datafield><datafield ind1=' ' ind2=' ' tag='035'><subfield code='a'>3601773</subfield></datafield><datafield ind1=' ' ind2=' ' tag='035'><subfield code='a'>(OCoLC)63898180</subfield></datafield><datafield ind1=' ' ind2=' ' tag='040'><subfield code='a'>NIC</subfield><subfield code='c'>NIC</subfield><subfield code='d'>NIC</subfield><subfield code='d'>NIC</subfield></datafield><datafield ind1='1' ind2=' ' tag='100'><subfield code='a'>Weddington, Sarah Ragle.</subfield></datafield><datafield ind1='1' ind2='4' tag='245'><subfield code='a'>The future of abortion</subfield><subfield code='h'>[sound recording]</subfield></datafield><datafield ind1=' ' ind2=' ' tag='260'><subfield code='c'>1989.</subfield></datafield><datafield ind1=' ' ind2=' ' tag='300'><subfield code='a'>2 sound cassettes (100 min.) :</subfield><subfield code='b'>analog, mono.</subfield></datafield><datafield ind1=' ' ind2=' ' tag='500'><subfield code='a'>Recorded in Ithaca, NY by Cornell University.</subfield></datafield><datafield ind1=' ' ind2=' ' tag='500'><subfield code='a'>Sponsored by: Cornell University Program Board,Sigma Phi Fraternity.</subfield></datafield><datafield ind1=' ' ind2=' ' tag='500'><subfield code='a'>Speaker(s): Weddington defended Jane Roe in the landmark Roe vs. Wade Supreme Court case. Schlafly headed the campaign that defeated the ratification of the ERA.</subfield></datafield><datafield ind1=' ' ind2=' ' tag='518'><subfield code='a'>Debate, March 14, 1989.</subfield></datafield><datafield ind1=' ' ind2=' ' tag='520'><subfield code='a'>Weddington and Shlafly debate the ethical aspects of abortion and the future of legislation on abortion in the United States.  Weddington argues that abortion is a woman&apos;s legal and moral right of choice; Shlafly argues that abortion is murder and should be made illegal.</subfield></datafield><datafield ind1=' ' ind2='0' tag='650'><subfield code='a'>Abortion</subfield><subfield code='x'>Law and legislation</subfield><subfield code='z'>United States.</subfield></datafield><datafield ind1=' ' ind2='0' tag='650'><subfield code='a'>Abortion</subfield><subfield code='x'>Moral and ethical aspects.</subfield></datafield><datafield ind1=' ' ind2='0' tag='650'><subfield code='a'>Pro-choice movement.</subfield></datafield><datafield ind1=' ' ind2='0' tag='650'><subfield code='a'>Pro-life movement.</subfield></datafield><datafield ind1=' ' ind2='7' tag='650'><subfield code='a'>Abortion</subfield><subfield code='x'>Law and legislation</subfield><subfield code='2'>fast</subfield><subfield code='0'>(OCoLC)fst00794598</subfield></datafield><datafield ind1=' ' ind2='7' tag='650'><subfield code='a'>Abortion</subfield><subfield code='x'>Moral and ethical aspects</subfield><subfield code='2'>fast</subfield><subfield code='0'>(OCoLC)fst00794606</subfield></datafield><datafield ind1=' ' ind2='7' tag='650'><subfield code='a'>Pro-choice movement</subfield><subfield code='2'>fast</subfield><subfield code='0'>(OCoLC)fst01077721</subfield></datafield><datafield ind1=' ' ind2='7' tag='650'><subfield code='a'>Pro-life movement</subfield><subfield code='2'>fast</subfield><subfield code='0'>(OCoLC)fst01077725</subfield></datafield><datafield ind1=' ' ind2='7' tag='651'><subfield code='a'>United States</subfield><subfield code='2'>fast</subfield><subfield code='0'>(OCoLC)fst01204155</subfield></datafield><datafield ind1='1' ind2=' ' tag='700'><subfield code='a'>Schlafly, Phyllis.</subfield></datafield><datafield ind1='1' ind2=' ' tag='899'><subfield code='a'>CULectures</subfield></datafield><datafield ind1=' ' ind2=' ' tag='905'><subfield code='a'>20000406120000.0</subfield></datafield><datafield ind1='2' ind2=' ' tag='948'><subfield code='a'>20141221</subfield><subfield code='b'>m</subfield><subfield code='d'>batch</subfield><subfield code='e'>lts</subfield><subfield code='x'>addfast</subfield></datafield></record>